
@book{c._gasquet_fourier_1999,
	address = {New York},
	series = {Texts in applied mathematics},
	title = {Fourier analysis and applications: filtering, numerical computation, wavelets},
	volume = {30},
	isbn = {978-0-387-98485-8},
	shorttitle = {Fourier analysis and applications},
	language = {eng},
	publisher = {Springer},
	author = {{C. Gasquet}},
	collaborator = {Witomski, P.},
	year = {1999},
	keywords = {Fourier analysis, Harmonisk analyse Lærebøker, pensum, tma4170, Harmonisk analyse}
}

@book{strang_linear_1976,
	address = {San Diego},
	edition = {3nd ed.},
	title = {Linear algebra and its applications},
	isbn = {978-0-15-551005-0},
	language = {eng},
	publisher = {Academic Press},
	author = {Strang, Gilbert},
	year = {1976},
	keywords = {algebra, Algebras, Linear, lineær, Lineær algebra, Lineær algebra Lærebøker, lineær-algebra}
}

@book{lloyd_n._trefethen_numerical_1997,
	title = {Numerical linear algebra},
	isbn = {978-0-89871-361-9},
	language = {eng},
	publisher = {Society for Industrial and Applied Mathematics},
	author = {{Lloyd N. Trefethen}},
	collaborator = {Bau, David and {Society for Industrial and Applied Mathematics}},
	year = {1997},
	keywords = {pensum, algebra, lineær, Lineær algebra, Matriser, numerisk, Matematikk, Arnoldi-iterasjon, Egenverdier, Gradientmetoder, Iterative metoder, Ligningssystemer, Linear models, Matematisk programvare Matlab, Minste kvadraters metode, Numerisk lineær algebra, Numeriske metoder, Ortogonalisering, tma4205, Vektorer}
}

@book{strang_introduction_1986,
	address = {Wellesley, Mass},
	title = {Introduction to {Applied} {Mathematics}},
	isbn = {978-0-9614088-0-0},
	language = {English},
	publisher = {Wellesley-Cambridge Press},
	author = {Strang, Gilbert},
	month = jan,
	year = {1986}
}

@book{roman_advanced_2005,
	address = {New York},
	edition = {2nd ed.},
	series = {Graduate texts in mathematics},
	title = {Advanced linear algebra},
	volume = {135},
	isbn = {978-0-387-24766-3},
	language = {eng},
	publisher = {Springer},
	author = {Roman, Steven},
	year = {2005},
	keywords = {algebra, lineær, Lineær algebra, Lineær algebea}
}
